<?xml version = "1.0" encoding = "UTF-8"?><record>
  <leader>01131nam#a2200301#cb4500</leader>
  <controlfield tag="005">20210408122239.0</controlfield>
  <controlfield tag="007">tu</controlfield>
  <controlfield tag="008">030930|2003####gw############|||#|#eng#c</controlfield>
  <controlfield tag="003">DE-605</controlfield>
  <controlfield tag="001">990121188940206441</controlfield>
  <datafield tag="016" ind1="7" ind2=" ">
    <subfield code="a">1071390657</subfield>
    <subfield code="2">OCoLC</subfield>
  </datafield>
  <datafield tag="035" ind1=" " ind2=" ">
    <subfield code="a">(DE-605)HT013798403</subfield>
  </datafield>
  <datafield tag="040" ind1=" " ind2=" ">
    <subfield code="a">294/18</subfield>
    <subfield code="b">ger</subfield>
    <subfield code="c">GBV</subfield>
    <subfield code="d">294/18</subfield>
    <subfield code="e">rakwb</subfield>
  </datafield>
  <datafield tag="041" ind1=" " ind2=" ">
    <subfield code="a">eng</subfield>
  </datafield>
  <datafield tag="044" ind1=" " ind2=" ">
    <subfield code="c">XA-DE</subfield>
  </datafield>
  <datafield tag="100" ind1="1" ind2=" ">
    <subfield code="a">Hagen, Tobias</subfield>
    <subfield code="d">1974-</subfield>
    <subfield code="0">(DE-588)13017923X</subfield>
    <subfield code="4">aut</subfield>
    <subfield code="0">(uri) https://portal.dnb.de/opac.htm?method=simpleSearch&amp;cqlMode=true&amp;query=idn=13017923X</subfield>
    <subfield code="0">(uri) http://viaf.org/viaf/sourceID/DNB|13017923X</subfield>
    <subfield code="B">GND-13017923X</subfield>
  </datafield>
  <datafield tag="245" ind1="1" ind2="0">
    <subfield code="a">Do fixed-term contracts increase the long-term employment opportunities of the unemployment?</subfield>
    <subfield code="c">Tobias Hagen</subfield>
  </datafield>
  <datafield tag="264" ind1=" " ind2="1">
    <subfield code="a">Mannheim</subfield>
    <subfield code="b">ZEW</subfield>
    <subfield code="c">2003</subfield>
  </datafield>
  <datafield tag="300" ind1=" " ind2=" ">
    <subfield code="a">56 S. : graph. Darst.</subfield>
  </datafield>
  <datafield tag="490" ind1="1" ind2=" ">
    <subfield code="a">Discussion paper / Zentrum f&#252;r Europ&#228;ische Wirtschaftsforschung</subfield>
    <subfield code="v">03,49 : Labour economics, human resources and social policy</subfield>
  </datafield>
  <datafield tag="830" ind1=" " ind2="0">
    <subfield code="a">Discussion paper / Zentrum f&#252;r Europ&#228;ische Wirtschaftsforschung</subfield>
    <subfield code="w">(DE-605)HT004520034</subfield>
    <subfield code="v">2003,49</subfield>
    <subfield code="9">O:1</subfield>
  </datafield>
  <datafield tag="856" ind1=" " ind2=" ">
    <subfield code="u">ftp://ftp.zew.de/pub/zew-docs/dp/dp0349.pdf</subfield>
  </datafield>
  <datafield tag="964" ind1="0" ind2="s">
    <subfield code="F">030</subfield>
    <subfield code="A">a|1uc||||||17</subfield>
  </datafield>
  <datafield tag="964" ind1="0" ind2="s">
    <subfield code="F">050</subfield>
    <subfield code="A">a|||||||||||||</subfield>
  </datafield>
  <datafield tag="964" ind1="0" ind2="s">
    <subfield code="F">051</subfield>
    <subfield code="A">m|||||||</subfield>
  </datafield>
  <datafield tag="035" ind1=" " ind2=" ">
    <subfield code="a">(OCoLC)1071390657</subfield>
    <subfield code="0">(uri) http://www.worldcat.org/oclc/1071390657</subfield>
  </datafield>
  <datafield tag="035" ind1=" " ind2=" ">
    <subfield code="a">(DE-601)369922328</subfield>
  </datafield>
  <datafield tag="035" ind1=" " ind2=" ">
    <subfield code="a">(DE-599)HBZHT013798403</subfield>
  </datafield>
  <datafield tag="MBD" ind1=" " ind2=" ">
    <subfield code="M">49HBZ_NETWORK</subfield>
    <subfield code="i">990121188940206441</subfield>
    <subfield code="n">HBZ Network</subfield>
  </datafield>
  <datafield tag="MNG" ind1=" " ind2=" ">
    <subfield code="c">System</subfield>
    <subfield code="f">ILS</subfield>
    <subfield code="i">marc21</subfield>
    <subfield code="k">01</subfield>
    <subfield code="e">false</subfield>
    <subfield code="d">2021-04-08 12:22:39 Europe/Berlin</subfield>
    <subfield code="g">012118894-HBZ01</subfield>
    <subfield code="j">60</subfield>
    <subfield code="a">import</subfield>
    <subfield code="b">2021-04-05 11:18:40 Europe/Berlin</subfield>
  </datafield>
  <datafield tag="GSI" ind1="7" ind2=" ">
    <subfield code="a">http://d-nb.info/gnd/13017923X</subfield>
    <subfield code="2">uri</subfield>
    <subfield code="A">GND</subfield>
    <subfield code="B">GND-13017923X</subfield>
    <subfield code="C">024</subfield>
  </datafield>
</record>